@online{chesswiki
	author = {Vv.Aa.},
	title = {Chess Programming Wiki},
	url = {https://chessprogramming.org},
	urldate = {2018-09-22},
}

@ARTICLE{2017arXiv171201815S,
   author = {{Silver}, D. and {Hubert}, T. and {Schrittwieser}, J. and {Antonoglou}, I. and
	{Lai}, M. and {Guez}, A. and {Lanctot}, M. and {Sifre}, L. and
	{Kumaran}, D. and {Graepel}, T. and {Lillicrap}, T. and {Simonyan}, K. and
	{Hassabis}, D.},
    title = "{Mastering Chess and Shogi by Self-Play with a General Reinforcement Learning Algorithm}",
  journal = {ArXiv e-prints},
archivePrefix = "arXiv",
   eprint = {1712.01815},
 primaryClass = "cs.AI",
 keywords = {Computer Science - Artificial Intelligence, Computer Science - Machine Learning},
     year = 2017,
    month = dec,
   adsurl = {http://adsabs.harvard.edu/abs/2017arXiv171201815S},
  adsnote = {Provided by the SAO/NASA Astrophysics Data System}
}

@ARTICLE{2015arXiv150901549L,
   author = {{Lai}, M.},
    title = "{Giraffe: Using Deep Reinforcement Learning to Play Chess}",
  journal = {ArXiv e-prints},
archivePrefix = "arXiv",
   eprint = {1509.01549},
 primaryClass = "cs.AI",
 keywords = {Computer Science - Artificial Intelligence, Computer Science - Machine Learning, Computer Science - Neural and Evolutionary Computing},
     year = 2015,
    month = sep,
   adsurl = {http://adsabs.harvard.edu/abs/2015arXiv150901549L},
  adsnote = {Provided by the SAO/NASA Astrophysics Data System}
}
